<record><leader>00000cas a22000007a 4500</leader><controlfield tag="001">20727309</controlfield><controlfield tag="008">891204d184518uunyuwr ne      0    0eng d</controlfield><datafield ind1=" " ind2=" " tag="010"><subfield code="a">sn 90066116 </subfield></datafield><datafield ind1=" " ind2=" " tag="040"><subfield code="a">NYG</subfield><subfield code="b">eng</subfield><subfield code="c">NYG</subfield><subfield code="d">NYS</subfield><subfield code="d">OCL</subfield><subfield code="d">OCLCQ</subfield></datafield><datafield ind1=" " ind2=" " tag="042"><subfield code="a">msc</subfield></datafield><datafield ind1=" " ind2=" " tag="043"><subfield code="a">n-us-ny</subfield></datafield><datafield ind1="0" ind2="0" tag="245"><subfield code="a">Hamilton County sentinel.</subfield></datafield><datafield ind1="1" ind2="7" tag="246"><subfield code="a">Sentinel</subfield></datafield><datafield ind1=" " ind2=" " tag="260"><subfield code="a">Sageville, N.Y. :</subfield><subfield code="b">J.C. Holmes &amp; Co.</subfield></datafield><datafield ind1=" " ind2=" " tag="300"><subfield code="a">v. ;</subfield><subfield code="c">65 cm.</subfield></datafield><datafield ind1=" " ind2=" " tag="310"><subfield code="a">Weekly</subfield></datafield><datafield ind1="1" ind2=" " tag="362"><subfield code="a">Began in 1845?</subfield></datafield><datafield ind1=" " ind2=" " tag="500"><subfield code="a">Published as: Hamilton Co. sentinel, June 5, 1855.</subfield></datafield><datafield ind1=" " ind2=" " tag="500"><subfield code="a">Publishers: J.C. Holmes &amp; Co., &lt;1852&gt;; Clark &amp; Holmes, &lt;1855&gt;; Clark &amp; Peck, &lt;1858-1861&gt;.</subfield></datafield><datafield ind1=" " ind2=" " tag="500"><subfield code="a">Editor: W.N. Clark, &lt;1867&gt;.</subfield></datafield><datafield ind1=" " ind2=" " tag="588"><subfield code="a">Description based on: Vol. 8, no. 12 (Sept. 28, 1852).</subfield></datafield><datafield ind1=" " ind2="0" tag="651"><subfield code="a">Sageville (N.Y.)</subfield><subfield code="v">Newspapers.</subfield></datafield><datafield ind1=" " ind2=" " tag="752"><subfield code="a">United States</subfield><subfield code="b">New York</subfield><subfield code="c">Hamilton</subfield><subfield code="d">Sageville.</subfield></datafield></record>